@article{EFP,
  title={Energy flow polynomials: A complete linear basis for jet substructure},
  author={Patrick T. Komiske, Eric M. Metodiev, Jesse Thaler},
  journal={JHEP 04 (2018) 013 [arXiv:1712.07124]},
  year={2018},  
}
